%%
%  ******************************************************************************
%  * #file    Szablon_raportu_EN_Latex.bib
%  * #file    Szablon_raportu_EN_Latex.tex
%  * #author  Adrian Wójcik   adrian.wojcik(at)put.poznan.pl
%  *          
%  * #commit  Patryk Kościk   koscikpatryk(at)gmail.com
%  *          Modified the template for Projekt przejsciowy purposes          
%  *          
%  * #version 1.0
%  * #date    09-Mar-2022
%  * #brief   PROJPRZEJ
%  *
%  ******************************************************************************
%%  


@online{yt,
	title = {Prezentacja działania układu},
	url = {https://youtube.com/shorts/kFxHQh_j5rw},
	urldate = {2022-06-19},
}

@online{modul,
    author = {{electropeak.com}},
    title = {KY-038 pinout},
    url = {https://electropeak.com/learn/interfacing-ky-037-sound-sensor-with-arduino/},
    urldate = {2022-06-19},
}

@online{schemat,
    author = {{electropeak.com}},
    title = {KY-038 sensor circuit},
    url = {https://electropeak.com/learn/wp-content/uploads/2020/09/mic-pin.jpg},
    urldate = {2022-06-19},
}

@online{przod,
    author = {{electropeak.com}},
    title = {Front view of KY-038},
    url = {https://electropeak.com/sound-sensor-ky-038},
    urldate = {2022-06-19},
}

@online{tyl,
    author = {{electropeak.com}},
    title = {Back view of KY-038},
    url = {https://electropeak.com/sound-sensor-ky-038},
    urldate = {2022-06-19},
}