%%
%  ******************************************************************************
%  * #file    Szablon_raportu_EN_Latex.bib
%  * #file    Szablon_raportu_EN_Latex.tex
%  * #author  Adrian Wójcik   adrian.wojcik(at)put.poznan.pl
%  *          
%  * #commit  Patryk Kościk   koscikpatryk(at)gmail.com
%  *          Modified the template for Projekt przejsciowy purposes          
%  *          
%  * #version 1.0
%  * #date    09-Mar-2022
%  * #brief   PROJPRZEJ
%  *
%  ******************************************************************************
%%  


@online{Datasheet,
    title = {STRPMA. BH1750 Digital Light Sensor},
	url = {https://www.instructables.com/BH1750-Digital-Light-Sensor},
	urldate = {2022-07-15},
}


@online{Youtubem,
	title = {Link do krótkiego filmu prezentującego prawidłowe działanie modułu(JESCZE NIE MA FILMU)},
	url = {modul_nr_40.mp4},
	urldate = {2022-05-15},
}

@online{Materiały,
	title = {Szeroki opis z przykładowymi zastosowaniami Arduino},
	url = {https://www.instructables.com/BH1750-Digital-Light-Sensor/},
	urldate = {2022-07-15},
}



