%%
%  ******************************************************************************
%  * #file    Szablon_raportu_EN_Latex.bib
%  * #file    Szablon_raportu_EN_Latex.tex
%  * #author  Adrian Wójcik   adrian.wojcik(at)put.poznan.pl
%  *          
%  * #commit  Patryk Kościk   koscikpatryk(at)gmail.com
%  *          Modified the template for Projekt przejsciowy purposes          
%  *          
%  * #version 1.0
%  * #date    09-Mar-2022
%  * #brief   PROJPRZEJ
%  *
%  ******************************************************************************
%%  


@online{ST,
	title = {Dokumentacja biblioteki 'IRremote' ARDUINO UNO {\textbar} www.arduino.cc},
	url = {https://www.arduino.cc/reference/en/libraries/irremote/},
	urldate = {2022-07-19}
}

@online{film,
	title = {Prezentacja układu z modułami KY-005 i HW-477},
	url = {31_Odbiornik_Nadajnik_IR.mp4},
	urldate = {2022-07-19},
}

@online{ArduinoModules:InfraredTransmitter,
    author = {{arduinomodules.info}},
    title = {KY-005 Infrared Transmitter Module},
    url = {https://arduinomodules.info/ky-005-infrared-transmitter-sensor-module/},
    urldate = {2022-07-19},
}

@online{ArduinoModules:InfraredReceiver,
    author = {{arduinomodules.info}},
    title = {KY-022 Infrared Receiver Module},
    url = {https://arduinomodules.info/ky-022-infrared-receiver-module/},
    urldate = {2022-07-19},
}