%%
%  ******************************************************************************
%  * #file    Szablon_raportu_EN_Latex.bib
%  * #file    Szablon_raportu_EN_Latex.tex
%  * #author  Adrian Wójcik   adrian.wojcik(at)put.poznan.pl
%  *          
%  * #commit  Patryk Kościk   koscikpatryk(at)gmail.com
%  *          Modified the template for Projekt przejsciowy purposes          
%  *          
%  * #version 1.0
%  * #date    09-Mar-2022
%  * #brief   PROJPRZEJ
%  *
%  ******************************************************************************
%%  


% @online{KY_021_example_photo,
%     title ={KY-021 MINI MAGNETIC REED SWITCH MODULE},
%     url = {https://arduinomodules.info/ky-021-mini-magnetic-reed-switch-module/},
%     urldate = {12.04.2022}}

% @online{youtube,
% 	title = {Pokazanie działania},
% 	url = {https://drive.google.com/file/d/1wr9Vy4TQie_Mep8l0zbee-saKUDg-eiZ/view?usp=sharing},
% 	urldate = {17.06.2022}
% }