%%
%  ******************************************************************************
%  * #file    Szablon_raportu_EN_Latex.bib
%  * #file    Szablon_raportu_EN_Latex.tex
%  * #author  Adrian Wójcik   adrian.wojcik(at)put.poznan.pl
%  *          
%  * #commit  Patryk Kościk   koscikpatryk(at)gmail.com
%  *          Modified the template for Projekt przejsciowy purposes          
%  *          
%  * #version 1.0
%  * #date    09-Mar-2022
%  * #brief   PROJPRZEJ
%  *
%  ******************************************************************************
%%  


@online{ArduinoModules:grab,
    author = {{nettigo.pl}},
    title = {Moduł},
    url = {https://nettigo.pl/system/images/2363/original.jpg?1502185726},
    urldate = {2022-09-14},
}
@online{youtube,
	title = {Film prezentujący działanie modułu},
	url = {58_DA5883.mp4},
	urldate = {2022-09-14},
}


