%%
%  ******************************************************************************
%  * #file    Szablon_raportu_EN_Latex.bib
%  * #file    Szablon_raportu_EN_Latex.tex
%  * #author  Adrian Wójcik   adrian.wojcik(at)put.poznan.pl
%  *          
%  * #commit  Patryk Kościk   koscikpatryk(at)gmail.com
%  *          Modified the template for Projekt przejsciowy purposes          
%  *          
%  * #version 1.0
%  * #date    09-Mar-2022
%  * #brief   PROJPRZEJ
%  *
%  ******************************************************************************
%%  

@online{Rysunek,
	title = {Grafika tytułowa},
	url = {https://www.phippselectronics.com/using-the-flame-sensor-module-ky-026-with-arduino/},
}

@online{c,
	title = {KY026\_CZUJNIKPŁOMIENI\_CYF.mp4},
	
}

@online{a,
	title = {KY026\_CZUJNIKPŁOMIENI\_ANALOG1.mp4},
	
}

@online{a2,
	title = {KY026\_CZUJNIKPŁOMIENI\_ANALOG2.mp4},
	
}

@online{sensor,
	title = {Dokumentacja odbiornika IR},
	url = {https://www.sunrom.com/p/flame-sensor-5mm-ir-diode-yg1006}
}
