%%
%  ******************************************************************************
%  * #file    Szablon_raportu_EN_Latex.bib
%  * #file    Szablon_raportu_EN_Latex.tex
%  * #author  Adrian Wójcik   adrian.wojcik(at)put.poznan.pl
%  *          
%  * #commit  Patryk Kościk   koscikpatryk(at)gmail.com
%  *          Modified the template for Projekt przejsciowy purposes          
%  *          
%  * #version 1.0
%  * #date    09-Mar-2022
%  * #brief   PROJPRZEJ
%  *
%  ******************************************************************************
%%  


@online{yt1,
	title = {KY-028 - kalibracja przy użyciu zintegrowanego potencjometru oraz temperatury referencyjnej z czujnika DS18B20},
	url = {21_KY028_czujnik_temperatury_1.mp4},
	urldate = {2022-04-28},
}

@online{yt2,
	title = {KY-028 - prezentacja działania układu, pomiar temperatury},
	url = {21_KY028_czujnik_temperatury_2.mp4},
	urldate = {2022-04-28},
}

@online{ArduinoModules:Zdjecie,
    author = {{strona}},
    title = {Zdjęcie modułu na stronie głównej},
    url = {https://arduinomodules.info/wp-content/uploads/KY-028_Digital_temperature_module_arduino.jpg},
    urldate = {2022-04-28},
}

@online{Botland:zdjęcie,
    author = {{strona}},
    title = {Charakterystyka termistora NTC},
    url = {https://botland.com.pl/blog/wp-content/uploads/2019/07/2-1.png},
    urldate = {2022-04-28},
}
