%%
%  ******************************************************************************
%  * #file    Szablon_raportu_EN_Latex.bib
%  * #file    Szablon_raportu_EN_Latex.tex
%  * #author  Adrian Wójcik   adrian.wojcik(at)put.poznan.pl
%  *          
%  * #commit  Patryk Kościk   koscikpatryk(at)gmail.com
%  *          Modified the template for Projekt przejsciowy purposes          
%  *          
%  * #version 1.0
%  * #date    09-Mar-2022
%  * #brief   PROJPRZEJ
%  *
%  ******************************************************************************
%%  

@online{ArduinoModules:Front,
    author = {{ARDUINOMODULES.COM}},
    title = {Zdjęcie modułu na stronie tytułowej},
    url = {https://arduinomodules.info/ky-013-analog-temperature-sensor-module/},
    urldate = {2022-05-01},
}

@online{ArduinoModules:grab,
    author = {{piekarz.pl}},
    title = {THERMISTOR NTC},
    url = {https://www.piekarz.pl/img/offer/3/8/390/f_38624.jpg},
    urldate = {2022-05-01},
}

@online{ArduinoModules:Switch,
    author = {{ARDUINOMODULES.COM}},
    title = {KY-013 ANALOG TEMPERATURE SENSOR MODULE},
    url = {https://arduinomodules.info/ky-013-analog-temperature-sensor-module/},
    urldate = {2022-05-01},
}

@online{bot:wykres,
    author = {{botland.com.pl}},
    title = {Wykres},
    url = {https://botland.com.pl/blog/termistor-definicja-zastosowania-i-dzialanie/},
    urldate = {2022-05-01},
}

@online{youtube,
	title = {Film prezentujący działanie modułu},
	url = {19_KY-013.mp4},
	urldate = {2022-05-01},
}


