%%
%  ******************************************************************************
%  * #file    Szablon_raportu_EN_Latex.bib
%  * #file    Szablon_raportu_EN_Latex.tex
%  * #author  Adrian Wójcik   adrian.wojcik(at)put.poznan.pl
%  *          
%  * #commit  Patryk Kościk   koscikpatryk(at)gmail.com
%  *          Modified the template for Projekt przejsciowy purposes          
%  *          
%  * #version 1.0
%  * #date    09-Mar-2022
%  * #brief   PROJPRZEJ
%  *
%  ******************************************************************************
%%  


@online{budowa,
	title = {Zdjęcia elementu oraz jego budowy.},
	url = {https://pinouts.net/ky-002-laser-diode-module-guide/},
	urldate = {2022-04-28},
}

@online{zdjecia,
	title = {Zdjęcia elementu},
	url = {https://botland.com.pl/diody-laserowe/8242-dioda-laserowa-5mw-czerwona-650nm-5v-modul-iduino-st1172-5903351241199.html},
	urldate = {2022-04-28},
}


@online{youtube,
	title = {Film prezentujący działanie modułu},
	url = {KY-008_Dioda_laserowa.mp4},
	urldate = {2022-04-28},
}