%%
%  ******************************************************************************
%  * #file    Szablon_raportu_EN_Latex.bib
%  * #file    Szablon_raportu_EN_Latex.tex
%  * #author  Adrian Wójcik   adrian.wojcik(at)put.poznan.pl
%  *          
%  * #commit  Patryk Kościk   koscikpatryk(at)gmail.com
%  *          Modified the template for Projekt przejsciowy purposes          
%  *          
%  * #version 1.0
%  * #date    09-Mar-2022
%  * #brief   PROJPRZEJ
%  *
%  ******************************************************************************
%%  


@online{yt1,
	title = {GY-BM280 - cyfrowy czujnik ciśnienia i temperatury - przykład działania - komunikacja I2C},
	url = {39_GYBMP280_cyfrowy_czujnik_cisnienia.mp4},
	urldate = {2022-06-18},
}

@online{bmp280_datasheet,
    author = {{strona}},
    title = {BMA150 data sheet Rev. 1.4},
    url = {https://cdn-shop.adafruit.com/datasheets/BST-BMP280-DS001-11.pdf},
    urldate = {2022-06-18},
}


@online{Shopee:Zdjęcie,
    author = {{strona}},
	title = {GY-BM280 - zdjęcie modułu na stronie głównej},
	url = {https://cf.shopee.pl/file/eeb9b22fd978e95b9d9d7e718748ed4f},
	urldate = {2022-06-18},
}

@online{Amazon:Zdjęcie,
    author = {{strona}},
	title = {GY-BM280 - zdjęcie modułu},
	url = {https://m.media-amazon.com/images/I/71Qz8r1Dc1L.jpg},
	urldate = {2022-06-18},
}
