%%
%  ******************************************************************************
%  * #file    Szablon_raportu_EN_Latex.bib
%  * #file    Szablon_raportu_EN_Latex.tex
%  * #author  Adrian Wójcik   adrian.wojcik(at)put.poznan.pl
%  *          
%  * #commit  Patryk Kościk   koscikpatryk(at)gmail.com
%  *          Modified the template for Projekt przejsciowy purposes          
%  *          
%  * #version 1.0
%  * #date    09-Mar-2022
%  * #brief   PROJPRZEJ
%  *
%  ******************************************************************************
%%  


@online{yt,
	title = {Prezentacja działania układu},
	url = {17_dotyku.mp4},
}

@online{WikipediaEN:MercurySwitch,
    author = {{Medvedev @ Wikimedia}},
    title = {SEMCO mercury switch 106MS. Rated for 1.5–110 volts AC or DC. Without housing on millimetre graph papery},
    url = {https://commons.wikimedia.org/wiki/File:Mercury_Switch_without_housing.jpg},
    urldate = {2022-04-05},
}

@article{ArticleTilt,
author = {Whitford, Malachi and Klimley, A.},
year = {2019},
month = {12},
pages = {},
title = {An overview of behavioral, physiological, and environmental sensors used in animal biotelemetry and biologging studies},
volume = {7},
journal = {Animal Biotelemetry},
doi = {10.1186/s40317-019-0189-z}
}

@online{ArduinoModules:MercuryTilt,
    author = {{arduinomodules.com}},
    title = {KY-017 Mercury Switch Module},
    url = {https://arduinomodules.info/ky-017-mercury-switch-module},
    urldate = {2022-04-05},
}

@online{ArduinoModules:Zdjecie,
    author = {{arduinomodules.com}},
    title = {Zdjęcie modułu na stronie głównej},
    url = {https://arduinomodules.info/ky-017-mercury-switch-module},
    urldate = {2022-04-05},
}

