%%
%  ******************************************************************************
%  * #file    Szablon_raportu_EN_Latex.bib
%  * #file    Szablon_raportu_EN_Latex.tex
%  * #author  Adrian Wójcik   adrian.wojcik(at)put.poznan.pl
%  *          
%  * #commit  Patryk Kościk   koscikpatryk(at)gmail.com
%  *          Modified the template for Projekt przejsciowy purposes          
%  *          
%  * #version 1.0
%  * #date    09-Mar-2022
%  * #brief   PROJPRZEJ
%  *
%  ******************************************************************************
%%  


@online{ArduinoModules:grab,
    author = {{digikey.coml}},
    title = {Pirometr},
    url = {https://media.digikey.com/photos/Melexis\%20Photos/MLX90614(E,K)SF-xxA.JPG},
    urldate = {2022-09-13},
}


@online{bot:wykres,
    author = {{Shutterstock.com}},
    title = {Wykres},
    url = {karalak/Shutterstock.com},
    urldate = {2022-09-131},
}

@online{youtube,
	title = {Film prezentujący działanie modułu},
	url = {65_GY-906.mp4},
	urldate = {2022-09-13},
}


