%%
%  ******************************************************************************
%  * #file    Szablon_raportu_EN_Latex.bib
%  * #file    Szablon_raportu_EN_Latex.tex
%  * #author  Adrian Wójcik   adrian.wojcik(at)put.poznan.pl
%  *          
%  * #commit  Patryk Kościk   koscikpatryk(at)gmail.com
%  *          Modified the template for Projekt przejsciowy purposes          
%  *          
%  * #version 1.0
%  * #date    09-Mar-2022
%  * #brief   PROJPRZEJ
%  *
%  ******************************************************************************
%%  


@online{youtube,
	title = {Film prezentujący działanie układu},
	url = {11_LEDSMDRGB.mp4},
	urldate = {2022-31-03},
}
@online{ArduinoModules:RGB,
    author = {{arduinomodules.com}},
    title = {KY-009 RGB FULL COLOR LED SMD MODULE},
    url = {https://arduinomodules.info/ky-009-rgb-full-color-led-smd-module/},
    urldate = {2022-04-05},
}
@online{LED:LED,
    author = {{Shenzhen Huanyu Dream Technology Co.}},
    title = {5050 SMD LED},
    url = {https://sc04.alicdn.com/kf/HTB1r9K1m5MnBKNjSZFzq6A_qVXaj.jpg},
    urldate = {2022-04-05},
}
@online{Wiki:Diode,
    author = {{Wikipedia}},
    title = {Diode},
    url = {https://en.wikipedia.org/wiki/Diode},
    urldate = {2022-04-05},
}
@online{ArduinoModules:Front,
    author = {{arduinomodules.com}},
    title = {Zdjęcie modułu na stronie tytułowej},
    url = {https://arduinomodules.info/ky-009-rgb-full-color-led-smd-module/},
    urldate = {2022-04-05},
}
