%%
%  ******************************************************************************
%  * #file    Szablon_raportu_EN_Latex.bib
%  * #file    Szablon_raportu_EN_Latex.tex
%  * #author  Adrian Wójcik   adrian.wojcik(at)put.poznan.pl
%  *          
%  * #commit  Patryk Kościk   koscikpatryk(at)gmail.com
%  *          Modified the template for Projekt przejsciowy purposes          
%  *          
%  * #version 1.0
%  * #date    09-Mar-2022
%  * #brief   PROJPRZEJ
%  *
%  ******************************************************************************
%%  


@online{Youtubem,
	title = {Link do krótkiego filmu prezentującego prawidłowe działanie modułu},
	url = {modul_nr_14},
	urldate = {2022-03-31},
}
@online{Wikipedia,
	title = {zasada działania przekaźnika},
	url = {https://commons.wikimedia.org/wiki/File:Relay_principle_vertical.jpg},
	urldate = {2022-03-31},
}
@online{Moduł,
	title = {Generalny wygląd modułu KY-019},
	url = {https://rif.sklep.pl/142-medium_default/modul-przekaznika-5v-ky-019-230v-10a-arduino.jpg},
	urldate = {2022-03-10},
}
@online{front,
	title = {Generalny wygląd modułu KY-019 cd.},
	url = {https://sc04.alicdn.com/kf/H24ab9471ac464b95b1b3cb082458fa27H.jpg},
	urldate = {2022-03-10},
}
