%%
%  ******************************************************************************
%  * #file    Szablon_raportu_EN_Latex.bib
%  * #file    Szablon_raportu_EN_Latex.tex
%  * #author  Adrian Wójcik   adrian.wojcik(at)put.poznan.pl
%  *          
%  * #commit  Patryk Kościk   koscikpatryk(at)gmail.com
%  *          Modified the template for Projekt przejsciowy purposes          
%  *          
%  * #version 1.0
%  * #date    09-Mar-2022
%  * #brief   PROJPRZEJ
%  *
%  ******************************************************************************
%%  

@online{fot1,
	title = {Zdjęcia elementu},
	url = {https://botland.com.pl/czujniki-gazow/1911-czujnik-dymu-i-latwopalnych-gazow-mq-2-polprzewodnikowy-modul-czarny-5904422359089.html?gclid=CjwKCAjwh-CVBhB8EiwAjFEPGUbH5h1vgdkBYBtv-ktjElDd4Ht9RMYqPGRfDK2GYfSb7EBlynZ5wRoCgkUQAvD_BwE},
	urldate = {2022-06-09},
}

@online{fot2,
	title = {Zdjęcia elementu i budowy oraz opis działania.},
	url = {https://lastminuteengineers.com/mq2-gas-senser-arduino-tutorial/},
	urldate = {2022-06-09},
}
@online{fot3,
	title = {Zdjęcia elementu.},
	url = {https://ko.aliexpress.com/item/1875672537.html},
	urldate = {2022-06-09},
}


@online{youtube,
	title = {Film prezentujący działanie modułu},
	url = {https://youtube.com/shorts/Vf6LElMB4Zw},
	urldate = {2022-06-09},
}