%%
%  ******************************************************************************
%  * #file    Szablon_raportu_EN_Latex.bib
%  * #file    Szablon_raportu_EN_Latex.tex
%  * #author  Adrian Wójcik   adrian.wojcik(at)put.poznan.pl
%  *          
%  * #commit  Patryk Kościk   koscikpatryk(at)gmail.com
%  *          Modified the template for Projekt przejsciowy purposes          
%  *          
%  * #version 1.0
%  * #date    09-Mar-2022
%  * #brief   PROJPRZEJ
%  *
%  ******************************************************************************
%%  


@online{ST,
	title = {Dokumentacja NUCLEO-F767ZI/746ZG {\textbar} www.st.com},
	url = {https://www.st.com/resource/en/user_manual/dm00244518-stm32-nucleo-144-boards-stmicroelectronics.pdf},
	urldate = {2022-07-22}
}

@online{film,
	title = {Prezentacja układu z modułem TC77},
	url = {49_TC77.mp4},
	urldate = {2022-09-24},
}

@online{microchip:TC77,
    author = {{microchip}},
    title = {Dokumentacja modułu TC77},
    url = {https://ww1.microchip.com/downloads/aemDocuments/documents/APID/ProductDocuments/DataSheets/20092B.pdf},
    urldate = {2022-07-22},
}

