%%
%  ******************************************************************************
%  * #file    Szablon_raportu_EN_Latex.bib
%  * #file    Szablon_raportu_EN_Latex.tex
%  * #author  Adrian Wójcik   adrian.wojcik(at)put.poznan.pl
%  *          
%  * #commit  Patryk Kościk   koscikpatryk(at)gmail.com
%  *          Modified the template for Projekt przejsciowy purposes          
%  *          
%  * #version 1.0
%  * #date    09-Mar-2022
%  * #brief   PROJPRZEJ
%  *
%  ******************************************************************************
%%  


@online{yt1,
	title = {Joystick - przykład zastosowania w mikrokontrolerze STM32},
	url = {28_Joystick.mp4},
	urldate = {2022-06-10},
}

@online{ArduinoModules:Zdjecie,
    author = {{strona}},
    title = {Zdjęcie modułu na stronie głównej},
    url = {https://cdn2.botland.com.pl/69232-large_default/thumb-joystick-z-przyciskiem-v2-modul-z-plytka-iduino-st1079.jpg},
    urldate = {2022-06-10},
}

@online{Wikipedia1,
    author = {{strona}},
    title = {Schemat dzielnika napięcia},
    url = {https://upload.wikimedia.org/wikipedia/commons/thumb/3/31/Impedance_voltage_divider.svg/1200px-Impedance_voltage_divider.svg.png},
    urldate = {2022-06-10},
}

@online{Wikipedia2,
    author = {{strona}},
    title = {Symbol potencjometru},
    url = {https://upload.wikimedia.org/wikipedia/commons/thumb/1/1c/Potentiometer_symbol_Europe.svg/1200px-Potentiometer_symbol_Europe.svg.png},
    urldate = {2022-06-10},
}
