%%
%  ******************************************************************************
%  * #file    Szablon_raportu_EN_Latex.bib
%  * #file    Szablon_raportu_EN_Latex.tex
%  * #author  Adrian Wójcik   adrian.wojcik(at)put.poznan.pl
%  *          
%  * #commit  Patryk Kościk   koscikpatryk(at)gmail.com
%  *          Modified the template for Projekt przejsciowy purposes          
%  *          
%  * #version 1.0
%  * #date    09-Mar-2022
%  * #brief   PROJPRZEJ
%  *
%  ******************************************************************************
%%  


@online{Datasheet,
    title = {ULN2003APG DataSheet},
	url = {https://datasheetspdf.com/pdf-file/925702/ToshibaSemiconductor/ULN2003APG/1},
	urldate = {2022-07-15},
}


@online{Youtubem,
	title = {Link do krótkiego filmu prezentującego prawidłowe działanie modułu},
	url = {modul_nr_61.mp4},
	urldate = {2022-07-15},
	}
	

@online{3link,
	title = {wykorzystywany silnik krokowy 28BYJ-48},
	url = {https://datasheetspdf.com/pdf/1006817/Kiatronics/28BYJ-48/1},
	urldate = {2022-07-15},
}

}


