%%
%  ******************************************************************************
%  * #file    Szablon_raportu_EN_Latex.bib
%  * #file    Szablon_raportu_EN_Latex.tex
%  * #author  Adrian Wójcik   adrian.wojcik(at)put.poznan.pl
%  *          
%  * #commit  Patryk Kościk   koscikpatryk(at)gmail.com
%  *          Modified the template for Projekt przejsciowy purposes          
%  *          
%  * #version 1.0
%  * #date    09-Mar-2022
%  * #brief   PROJPRZEJ
%  *
%  ******************************************************************************
%%  

@online{DHT:wykres,
    author = {{tinusuar.org}},
    title = {Graf},
    url = {https://tinusaur.org/projects/tinudht/},
    urldate = {2022-06-19},
}

@online{youtube,
	title = {Film prezentujący działanie modułu},
	url = {44_DHT22.mp4},
	urldate = {2022-09-13},
}





