%%
%  ******************************************************************************
%  * #file    Szablon_raportu_EN_Latex.bib
%  * #file    Szablon_raportu_EN_Latex.tex
%  * #author  Adrian Wójcik   adrian.wojcik(at)put.poznan.pl
%  *          
%  * #commit  Patryk Kościk   koscikpatryk(at)gmail.com
%  *          Modified the template for Projekt przejsciowy purposes          
%  *          
%  * #version 1.0
%  * #date    09-Mar-2022
%  * #brief   PROJPRZEJ
%  *
%  ******************************************************************************
%%  


@online{ST,
	title = {Dokumentacja NUCLEO-F767ZI/746ZG {\textbar} www.st.com},
	url = {https://www.st.com/resource/en/user_manual/dm00244518-stm32-nucleo-144-boards-stmicroelectronics.pdf},
	urldate = {2022-03-30}
}

@online{film,
	title = {Prezentacja układu z modułem HW-487},
	url = {6_Fotokomorka.mp4},
	urldate = {2022-03-30},
}

@online{ArduinoModules:PhotoInterrupter,
    author = {{arduinomodules.info}},
    title = {KY-010 Photo Interrupter Module},
    url = {https://arduinomodules.info/ky-010-photo-interrupter-module/},
    urldate = {2022-04-22},
}

