%%
%  ******************************************************************************
%  * #file    Szablon_raportu_EN_Latex.bib
%  * #file    Szablon_raportu_EN_Latex.tex
%  * #author  Adrian Wójcik   adrian.wojcik(at)put.poznan.pl
%  *          
%  * #commit  Patryk Kościk   koscikpatryk(at)gmail.com
%  *          Modified the template for Projekt przejsciowy purposes          
%  *          
%  * #version 1.0
%  * #date    09-Mar-2022
%  * #brief   PROJPRZEJ
%  *
%  ******************************************************************************
%%  

@online{fot1,
	title = {Zdjęcia elementu},
	url = {https://botland.com.pl/czujniki-ruchu/1655-czujnik-ruchu-pir-hc-sr501-zielony-5903351241359.html?gclid=Cj0KCQjwkruVBhCHARIsACVIiOxCV0mtbQBMFR2b5GYWVGfOfR5YUpgs9Nqs__4J8V_nY8MG7Vpz3nUaAs4PEALw_wcB},
	urldate = {2022-06-09},
}
@online{fot2,
	title = {Zdjęcia elementu},
	url = {https://www.amazon.pl/HC-SR501-czujnik-podczerwień-piroelektryczny-Raspberry/dp/B088KRVJTD},
	urldate = {2022-06-09},
}

@online{fot3,
	title = {Zdjęcia elementu},
	url = {https://www.makerguides.com/hc-sr501-arduino-tutorial/},
	urldate = {2022-06-09},
}

@online{youtube,
	title = {Film prezentujący działanie modułu},
	url = {PIR_HC-SR501_Czujnik_ruchu.mp4},
	urldate = {2022-06-09},
}