%%
%  ******************************************************************************
%  * #file    Szablon_raportu_EN_Latex.bib
%  * #file    Szablon_raportu_EN_Latex.tex
%  * #author  Adrian Wójcik   adrian.wojcik(at)put.poznan.pl
%  *          
%  * #commit  Patryk Kościk   koscikpatryk(at)gmail.com
%  *          Modified the template for Projekt przejsciowy purposes          
%  *          
%  * #version 1.0
%  * #date    09-Mar-2022
%  * #brief   PROJPRZEJ
%  *
%  ******************************************************************************
%%  

@online{ArduinoModules:Front,
    author = {{ARDUINOMODULES.COM}},
    title = {Zdjęcie modułu na stronie tytułowej},
    url = {https://arduinomodules.info/ky-004-key-switch-module},
    urldate = {2022-04-05},
}

@online{ArduinoModules:grab,
    author = {{grabcad.com}},
    title = {Switch THT},
    url = {https://grabcad.com/library/tactile-switches-6mm-tht-1},
    urldate = {2022-04-05},
}

@online{ArduinoModules:Switch,
    author = {{ARDUINOMODULES.COM}},
    title = {KY-004 KEY SWITCH MODULE},
    url = {https://arduinomodules.info/ky-004-key-switch-module},
    urldate = {2022-04-05},
}

@online{youtube,
	title = {Film prezentujący działanie modułu},
	url = {1_Przycisk.mp4},
	urldate = {2022-03-31},
}



