%%
%  ******************************************************************************
%  * #file    Szablon_raportu_EN_Latex.bib
%  * #file    Szablon_raportu_EN_Latex.tex
%  * #author  Adrian Wójcik   adrian.wojcik(at)put.poznan.pl
%  *          
%  * #commit  Patryk Kościk   koscikpatryk(at)gmail.com
%  *          Modified the template for Projekt przejsciowy purposes          
%  *          
%  * #version 1.0
%  * #date    09-Mar-2022
%  * #brief   PROJPRZEJ
%  *
%  ******************************************************************************
%%  


@online{Youtubem,
	title = {Link do krótkiego filmu prezentującego prawidłowe działanie modułu},
	url = {modul_nr_25},
	urldate = {2022-04-29},
}
@online{Kanaly,
	title = {prezentacja działania kanałów A i B},
	url = {
https://docs.wpilib.org/en/stable/docs/software/hardware-apis/sensors/encoders-software.html},
	urldate = {2022-04-29},
}

