%%
%  ******************************************************************************
%  * #file    Szablon_raportu_EN_Latex.bib
%  * #file    Szablon_raportu_EN_Latex.tex
%  * #author  Adrian Wójcik   adrian.wojcik(at)put.poznan.pl
%  *          
%  * #commit  Patryk Kościk   koscikpatryk(at)gmail.com
%  *          Modified the template for Projekt przejsciowy purposes          
%  *          
%  * #version 1.0
%  * #date    09-Mar-2022
%  * #brief   PROJPRZEJ
%  *
%  ******************************************************************************
%%  


% @online{KY_021_example_photo,
%     title ={KY-021 MINI MAGNETIC REED SWITCH MODULE},
%     url = {https://arduinomodules.info/ky-021-mini-magnetic-reed-switch-module/},
%     urldate = {12.04.2022}}

@online{youtube,
	title = {Pokazanie działania (konfiguracja z podłączeniem do wyjścia cyfrowego)},
	url = {24_Kontaktron.mp4},
	urldate = {7.05.2022}
}