%%
%  ******************************************************************************
%  * #file    Szablon_raportu_EN_Latex.bib
%  * #file    Szablon_raportu_EN_Latex.tex
%  * #author  Adrian Wójcik   adrian.wojcik(at)put.poznan.pl
%  *          
%  * #commit  Patryk Kościk   koscikpatryk(at)gmail.com
%  *          Modified the template for Projekt przejsciowy purposes          
%  *          
%  * #version 1.0
%  * #date    09-Mar-2022
%  * #brief   PROJPRZEJ
%  *
%  ******************************************************************************
%%  


@online{yt,
	title = {Grafika tytułowa},
	url = {https://abc-rc.pl/product-pol-6759-DS18B20-Czujnik-temperatury-obudowa-TO92.html},
}

@online{x,
	title = {Materiał pomocniczy},
	url = {https://lastminuteengineers.com/ds18b20-arduino-tutorial/},
}

@online{Datasheet,
    title = {Karta katalogowa czujnika},
	url = {https://datasheets.maximintegrated.com/en/ds/DS18B20.pdf},
}

