%%
%  ******************************************************************************
%  * #file    Szablon_raportu_EN_Latex.bib
%  * #file    Szablon_raportu_EN_Latex.tex
%  * #author  Adrian Wójcik   adrian.wojcik(at)put.poznan.pl
%  *          
%  * #commit  Patryk Kościk   koscikpatryk(at)gmail.com
%  *          Modified the template for Projekt przejsciowy purposes          
%  *          
%  * #version 1.0
%  * #date    09-Mar-2022
%  * #brief   PROJPRZEJ
%  *
%  ******************************************************************************
%%  

@online{fot1,
	title = {Zdjęcia elementu},
	url = {https://www.importedelectronics.com/products/hy-srf05-srf05-ultrasonic-distance-sensor-module-replace-sr04-5-pin-for-arduino},
	urldate = {2022-06-09},
}
@online{fot2,
	title = {Zdjęcia elementu},
	url = {https://electropeak.com/learn/interfacing-srf05-ultrasonic-distance-module-with-arduino/},
	urldate = {2022-06-09},
}

@online{fot3,
	title = {Zdjęcia elementu oraz zasada działania},
	url = {https://github.com/MYaqoobEmbedded/STM32-Tutorials/blob/master/Tutorial\%2037\%20-\%20HC-SR05\%20Ultrasonic\%20Sensor/main_method1.c},
	urldate = {2022-06-09},
}

@online{fot4,
	title = {Zdjęcia elementu},
	url = {https://botland.com.pl/czujniki-odleglosci/14329-ultradzwiekowy-czujnik-odleglosci-2-400cm-hy-srf05-5903351241588.html?gclid=CjwKCAjwtIaVBhBkEiwAsr7-cy-O62NCRuieNb4rgmoJPqCZssJmVKWcrhquWKud5zTMX6tEkZeZqRoCsbAQAvD_BwE},
	urldate = {2022-06-09},
}

@online{youtube,
	title = {Film prezentujący działanie modułu},
	url = {HY-SRF05_Czujnik_odległości.mp4},
	urldate = {2022-06-09},
}