%%
%  ******************************************************************************
%  * #file    Szablon_raportu_EN_Latex.bib
%  * #file    Szablon_raportu_EN_Latex.tex
%  * #author  Adrian Wójcik   adrian.wojcik(at)put.poznan.pl
%  *          
%  * #commit  Patryk Kościk   koscikpatryk(at)gmail.com
%  *          Modified the template for Projekt przejsciowy purposes          
%  *          
%  * #version 1.0
%  * #date    09-Mar-2022
%  * #brief   PROJPRZEJ
%  *
%  ******************************************************************************
%%  


@online{budowa,
	title = {Zdjęcia elementu oraz jego budowy.},
	url = {https://www.circuitbasics.com/how-to-use-active-and-passive-buzzers-on-the-arduino/},
	urldate = {2022-04-02},
}

@online{zdjecia,
	title = {Zdjęcia elementu},
	url = {https://www.phippselectronics.com/using-the-active-buzzer-module-ky-012-with-arduino/},
	urldate = {2022-04-02},
}


@online{youtube,
	title = {Film prezentujący działanie modułu},
	url = {HW-508_Buzzer_aktywny.mp4},
	urldate = {2022-04-02},
}