%%
%  ******************************************************************************
%  * #file    Szablon_raportu_EN_Latex.bib
%  * #file    Szablon_raportu_EN_Latex.tex
%  * #author  Adrian Wójcik   adrian.wojcik(at)put.poznan.pl
%  *          
%  * #commit  Patryk Kościk   koscikpatryk(at)gmail.com
%  *          Modified the template for Projekt przejsciowy purposes          
%  *          
%  * #version 1.0
%  * #date    09-Mar-2022
%  * #brief   PROJPRZEJ
%  *
%  ******************************************************************************
%%  

@online{ArduinoModules:Front,
    author = {{ARDUINOMODULES.COM}},
    title = {Zdjęcie modułu na stronie tytułowej},
    url = {https://arduinomodules.info/ky-018-photoresistor-module},
    urldate = {2022-04-27},
}

@online{ArduinoModules:grab,
    author = {{ubuy.vn}},
    title = {Photoresistor THT},
    url = {https://www.ubuy.vn/productimg/?image=aHR0cHM6Ly9tLm1lZGlhLWFtYXpvbi5jb20vaW1hZ2VzL0kvNTFweVUtZ3l2OEwuX1NMMTAwMV8uanBn.jpg},
    urldate = {2022-04-27},
}

@online{ArduinoModules:Switch,
    author = {{ARDUINOMODULES.COM}},
    title = {KY-018 PHOTORESISTOR MODULE},
    url = {https://arduinomodules.info/ky-018-photoresistor-module/},
    urldate = {2022-04-27},
}


@online{Foto:Wiki,
    author = {{pl.wikipedia.org}},
    title = {Charakerystyka zależnościowa},
    url = {https://pl.wikipedia.org/wiki/Fotorezystor#/media/Plik:Charakterystyka.png},
    urldate = {2022-04-27},
}


@online{youtube,
	title = {Film prezentujący działanie modułu},
	url = {27_KY-018.mp4},
	urldate = {2022-03-31},
}
