%%
%  ******************************************************************************
%  * #file    Szablon_raportu_EN_Latex.bib
%  * #file    Szablon_raportu_EN_Latex.tex
%  * #author  Adrian Wójcik   adrian.wojcik(at)put.poznan.pl
%  *          
%  * #commit  Patryk Kościk   koscikpatryk(at)gmail.com
%  *          Modified the template for Projekt przejsciowy purposes          
%  *          
%  * #version 1.0
%  * #date    09-Mar-2022
%  * #brief   PROJPRZEJ
%  *
%  ******************************************************************************
%%  


@online{ST,
	title = {Dokumentacja NUCLEO-F767ZI/746ZG {\textbar} www.st.com},
	url = {https://www.st.com/resource/en/user_manual/dm00244518-stm32-nucleo-144-boards-stmicroelectronics.pdf},
	urldate = {2022-07-25}
}

@online{film,
	title = {Prezentacja układu z modułem HW-596 (BMP180)},
	url = {57_BMP180.mp4},
	urldate = {2022-09-27},
}

@online{Bosch:BMP180,
    author = {{BOSCH Sensortec}},
    title = {Dokumentacja modułu HW-596 (BMP180)},
    url = {https://cdn-shop.adafruit.com/datasheets/BST-BMP180-DS000-09.pdf},
    urldate = {2022-07-25},
}

@online{controllerstech,
    author = {{controllerstech}},
    title = {Interface BMP180 with STM32},
    url = {https://controllerstech.com/interface-bmp180-with-stm32/},
    urldate = {2022-07-25},
}

