%%
%  ******************************************************************************
%  * #file    Szablon_raportu_EN_Latex.bib
%  * #file    Szablon_raportu_EN_Latex.tex
%  * #author  Adrian Wójcik   adrian.wojcik(at)put.poznan.pl
%  *          
%  * #commit  Patryk Kościk   koscikpatryk(at)gmail.com
%  *          Modified the template for Projekt przejsciowy purposes          
%  *          
%  * #version 1.0
%  * #date    09-Mar-2022
%  * #brief   PROJPRZEJ
%  *
%  ******************************************************************************
%%  


@online{ST,
	title = {Dokumentacja NUCLEO-F767ZI/746ZG {\textbar} www.st.com},
	url = {https://www.st.com/resource/en/user_manual/dm00244518-stm32-nucleo-144-boards-stmicroelectronics.pdf},
	urldate = {2022-04-26}
}

@online{film,
	title = {Prezentacja układu z modułem KY-024},
	url = {23_Halla.mp4},
	urldate = {2022-05-23},
}

@online{ArduinoModules:HallSensor,
    author = {{arduinomodules.info}},
    title = {KY-024 Linear magnetic Hall Module},
    url = {https://arduinomodules.info/ky-024-linear-magnetic-hall-module/},
    urldate = {2022-04-22},
}

@online{KY-024_datasheet,
	title = {Dokumentacja czujnika KY-024 www.gotronic.fr},
	url = {https://www.gotronic.fr/pj2-sen-ky024-manual-1933.pdf},
	urldate = {2022-04-26}
}

@online{LM393_datasheet,
	title = {Dokumentacja komparatora LM393 www.ti.com},
	url = {https://www.ti.com/lit/ds/symlink/lm2903b.pdf?HQS=TI-null-null-alldatasheets-df-pf-SEP-wwe&ts=1653088866050&ref_url=https%253A%252F%252Fpdf1.alldatasheet.com%252F},
	urldate = {2022-04-26}
}

@online{49E_datasheet,
	title = {Dokumentacja czujnika 49E www.hallsensors.de},
	url = {http://www.hallsensors.de/CYL49E.pdf},
	urldate = {2022-04-26}
}

