%%
%  ******************************************************************************
%  * #file    Szablon_raportu_EN_Latex.bib
%  * #file    Szablon_raportu_EN_Latex.tex
%  * #author  Adrian Wójcik   adrian.wojcik(at)put.poznan.pl
%  *          
%  * #commit  Patryk Kościk   koscikpatryk(at)gmail.com
%  *          Modified the template for Projekt przejsciowy purposes          
%  *          
%  * #version 1.0
%  * #date    09-Mar-2022
%  * #brief   PROJPRZEJ
%  *
%  ******************************************************************************
%%  


@online{yt1,
	title = {Moduł czujnika LM35DZ - przykład zastosowania},
	url = {55_LM35DZ_analogowy_czujnik_temperatury.mp4},
	urldate = {2022-06-18},
}

@online{Botland:zdjęcie,
    author = {{strona}},
    title = {LM35 Precision Centigrade Temperature Sensors datasheet (Rev. H)},
    url = {https://www.ti.com/lit/ds/symlink/lm35.pdf},
    urldate = {2022-06-18},
}
