%%
%  ******************************************************************************
%  * #file    Szablon_raportu_EN_Latex.bib
%  * #file    Szablon_raportu_EN_Latex.tex
%  * #author  Adrian Wójcik   adrian.wojcik(at)put.poznan.pl
%  *          
%  * #commit  Patryk Kościk   koscikpatryk(at)gmail.com
%  *          Modified the template for Projekt przejsciowy purposes          
%  *          
%  * #version 1.0
%  * #date    09-Mar-2022
%  * #brief   PROJPRZEJ
%  *
%  ******************************************************************************
%%  

@online{SD:FatFs,
    author = {{elm-chan.org}},
    title = {Dokumentacja FatFs},
    url = {http://elm-chan.org/fsw/ff/00index_e.html},
    urldate = {2022-06-19},
}

@online{youtube,
	title = {Film prezentujący działanie modułu},
	url = {35_ModulKartSD.mp4},
	urldate = {2022-09-13},
}





